@book{hall,
author="Hall, Brian",
title="Lie Groups, Lie Algebras, and Representations: An Elementary Introduction",
year="2015",
publisher="Springer International Publishing",
address="Cham",
pages="371--405",
isbn="978-3-319-13467-3",
doi="10.1007/978-3-319-13467-3_13",
url="https://doi.org/10.1007/978-3-319-13467-3_13"
}

@book{hatcher,
	author        = "Hatcher, A.",
	title         = "{Algebraic topology}",
	publisher     = "Cambridge Univ. Press",
	address       = "Cambridge",
	year          = "2000",
}

@book{lee,
	author = {Lee, John M.},
	title = {Introduction to Smooth Manifolds},
	year = 2013,
	edition = "Second Edition"
}

@book{piccione,
	title={On the geometry of Grassmannians and the symplectic group: the Maslov index and its applications},
	author={Piccione, P. and Tausk, D. V.},
	year={2000},
	publisher={Citeseer}
	address={Rio de Janeiro}
	url={https://citeseerx.ist.psu.edu/document?repid=rep1&type=pdf&doi=5758b155e18078646a12ee9bb29b448052895662}
}

@book{oneill,
	author = {O'Neill, Barrett},
	isbn = {0125267401},
	publisher = {Academic Press},
	title = {Semi-Riemannian Geometry With Applications to Relativity, 103, Volume 103 (Pure and Applied Mathematics)},
	year = 1983
}

@online{rational-circle,
	author={Baez, J. and Baker, K.},
	title={This Week's Finds in Mathematical Physics (Week 286)},
	url={https://math.ucr.edu/home/baez/week286.html}}
	
@book{guillemin,
		title={Differential Topology},
		author={Guillemin, V. and Pollack, A.},
		isbn={9780821851937},
		lccn={2010011053},
		series={AMS Chelsea Publishing},
		year={2010},
		publisher={AMS Chelsea Pub.}
	}
	
@book{burago,
	title={A Course in Metric Geometry},
	author={Burago, D. and Burago, I.U.D. and Ivanov, S.},
	isbn={9780821821299},
	lccn={20122062},
	series={Crm Proceedings \& Lecture Notes},
	year={2001},
	publisher={American Mathematical Society}
}

@Inbook{vinberg,
	author="Alekseevskij, D. V.
	and Vinberg, E. B.
	and Solodovnikov, A. S.",
	editor="Vinberg, E. B.",
	title="Geometry of Spaces of Constant Curvature",
	bookTitle="Geometry II: Spaces of Constant Curvature",
	year="1993",
	publisher="Springer Berlin Heidelberg",
	address="Berlin, Heidelberg",
	pages="1--138",
	abstract="Spaces of constant curvature, i.e. Euclidean space, the sphere, and Lobachevskij space, occupy a special place in geometry. They are most accessible to our geometric intuition, making it possible to develop elementary geometry in a way very similar to that used to create the geometry we learned at school. However, since its basic notions can be interpreted in different ways, this geometry can be applied to objects other than the conventional physical space, the original source of our geometric intuition.",
	isbn="978-3-662-02901-5",
	doi="10.1007/978-3-662-02901-5_1",
	url="https://doi.org/10.1007/978-3-662-02901-5_1"
}