@book{hall,
author="Hall, Brian",
title="Lie Groups, Lie Algebras, and Representations: An Elementary Introduction",
year="2015",
publisher="Springer International Publishing",
address="Cham",
pages="371--405",
isbn="978-3-319-13467-3",
doi="10.1007/978-3-319-13467-3_13",
url="https://doi.org/10.1007/978-3-319-13467-3_13"
}

@book{hatcher,
	author        = "Hatcher, A.",
	title         = "{Algebraic topology}",
	publisher     = "Cambridge Univ. Press",
	address       = "Cambridge",
	year          = "2000",
}

@book{lee,
	author = {Lee, John M.},
	title = {Introduction to Smooth Manifolds},
	year = 2013,
	edition = "Second Edition"
}

@book{piccione,
	title={On the geometry of Grassmannians and the symplectic group: the Maslov index and its applications},
	author={Piccione, P. and Tausk, D. V.},
	year={2000},
	publisher={Citeseer}
	address={Rio de Janeiro}
	url={https://citeseerx.ist.psu.edu/document?repid=rep1&type=pdf&doi=5758b155e18078646a12ee9bb29b448052895662}
}